@article{Boyce,
	author = {Boyce, Daniel and Lewis, Marlon and Worm, Boris},
	year = {2010},
	month = {07},
	pages = {591-6},
	title = {Global phytoplankton decline over the past century},
	volume = {466},
	journal = {Nature},
	doi = {10.1038/nature09268}
}

@Article{Pastore2020,
	author={Pastore, Vito P.
	and Zimmerman, Thomas G.
	and Biswas, Sujoy K.
	and Bianco, Simone},
	title={Annotation-free learning of plankton for classification and anomaly detection},
	journal={Scientific Reports},
	year={2020},
	day={22},
	volume={10},
	number={1},
	pages={12142},
	issn={2045-2322},
	doi={10.1038/s41598-020-68662-3},
	url={https://doi.org/10.1038/s41598-020-68662-3}
}

@misc{kingma2014autoencoding,
	title={Auto-Encoding Variational Bayes}, 
	author={Diederik P Kingma and Max Welling},
	year={2014},
	eprint={1312.6114},
	archivePrefix={arXiv},
	primaryClass={stat.ML}
}